@article{art:rif.2,
	author={Seth Tisue, Uri Wilensky},
	title={NetLogo: Design and Implementation of a Multi-Agent Modeling Environment},
	year={2004},
	journal={Agent2004. Chicago, IL. Retrieved October 4, 2012},
}
